@book{1985--ieee754
,note={Note: Standard 754--1985}
,title={{IEEE standard for binary floating-point arithmetic}}
,booktitle={{IEEE standard for binary floating-point arithmetic}}
,publisher={Institute of Electrical and Electronics Engineers}
,address={New York}
,year={1985}
}
@article{Roy1971,
  doi = {10.1061/jsdeag.0002868},
  url = {https://doi.org/10.1061/jsdeag.0002868},
  year = {1971},
  month = apr,
  publisher = {American Society of Civil Engineers ({ASCE})},
  volume = {97},
  number = {4},
  pages = {1039--1054},
  author = {John R. Roy},
  title = {Numerical Error in Structural Solutions},
  journal = {Journal of the Structural Division}
}
@book{beerjohnston,
  author       = {Ferdinand P. Beer and E. Russel Johnsotn {Jr.} and  David F. Mazurek and Phillip J. Cornwell and Brian P. Self},
  title        = {Vector Mechanics for engineers},
  subtitle     = {Statics, Dynamics},
  publisher    = {Mc Graw Hill},
  date         = {2012},
  keywords     = {trusted},
  location     = {New York}, 
  edition      = {12},
}
@book{martha,
  author       = {Luiz Fernando Martha},
  title        = {Análise de estruturas:},
  subtitle     = {conceitos e métodos básicos},
  publisher    = {Elsevier},
  date         = {2010},
  keywords     = {trusted},
  location     = {Rio de Janeiro},
}
@online{overleaf,
  title        = {Overleaf},
  subtitle     = {Online \LaTeX\space editor},
  organization = {Overleaf},
  date         = {2023},
  urldate      = {2023-08-05},
  url          = {https://www.overleaf.com/},
  keywords     = {untrusted},
}
@online{maumenegaz,
  title        = {Repositório GitHub},
  author       = {Menegaz Filho, Maurício Mauad},
  subtitle     = {Template \LaTeX\space para a disciplina TCC I do curso de Bacharelado em Engenharia Civil da Uniavan},
  date         = {2023},
  urldate      = {2023-08-05},
  url          = {https://github.com/maumenegaz/tcc-I},
  keywords     = {untrusted},
}
@online{ftool,
  title        = {FTool},
  subtitle     = {Um programa gráfico-interativo para ensino de comportamento de estruturas},
  label = {ftool},
  date         = {2023},
  urldate      = {2023-08-05},
  url          = {https://www.ftool.com.br/Ftool/},
  keywords     = {untrusted},
}
@misc{nbr6118,
  organization = {Associação Brasileira de Normas Técnicas},
  label        = {ABNT},
  publisher    = {ABNT},
  title        = {ABNT NBR 6118},
  subtitle     = {Projeto de estruturas de concreto — Procedimento},
  location     = {Rio de Janeiro},
  date         = {2014},
}
@misc{nbr5891,
  organization = {Associação Brasileira de Normas Técnicas},
  label        = {ABNT},
  publisher    = {ABNT},
  title        = {ABNT NBR 5891},
  subtitle     = {Regras de arredondamento na numeração decimal},
  location     = {Rio de Janeiro},
  edition      = {2},
  date         = {2014},
}
@misc{nbr6022,
  organization = {Associação Brasileira de Normas Técnicas},
  label        = {ABNT},
  publisher    = {ABNT},
  title        = {ABNT NBR 6022},
  subtitle     = {Informação e documentação — Artigo em publicação periódica técnica e/ou científica —
Apresentação},
  location     = {Rio de Janeiro},
  edition      = {2},
  date         = {2018},
}
@misc{nbr6023,
  organization = {Associação Brasileira de Normas Técnicas},
  publisher    = {ABNT},
  label        = {ABNT},
  title        = {ABNT NBR 6023},
  subtitle     = {Informação e documentação — Referências —
Elaboração},
  location     = {Rio de Janeiro},
  date         = {2014},
}
@misc{nbr10520,
  organization = {Associação Brasileira de Normas Técnicas},
  publisher    = {ABNT},
  label        = {ABNT},
  title        = {ABNT NBR 10520},
  subtitle     = {Informação e documentação — Citações em documentos —
Apresentação},
  edition      = {2},
  location     = {Rio de Janeiro},
  date         = {2023},
}
